<record><leader>00000cas a22000007a 4500</leader><controlfield tag="001">6301410</controlfield><controlfield tag="008">800509d18501853ohuwr ne      0   a0eng d</controlfield><datafield ind1=" " ind2=" " tag="010"><subfield code="a">sn 83035105 </subfield></datafield><datafield ind1=" " ind2=" " tag="040"><subfield code="a">QWC</subfield><subfield code="b">eng</subfield><subfield code="c">QWC</subfield><subfield code="d">NPY</subfield><subfield code="d">KNP</subfield><subfield code="d">ONP</subfield><subfield code="d">KNP</subfield><subfield code="d">NVF</subfield><subfield code="d">ONP</subfield><subfield code="d">OCL</subfield><subfield code="d">IUL</subfield><subfield code="d">OCLCF</subfield><subfield code="d">OCLCO</subfield></datafield><datafield ind1=" " ind2=" " tag="019"><subfield code="a">214970934</subfield></datafield><datafield ind1=" " ind2=" " tag="042"><subfield code="a">msc</subfield></datafield><datafield ind1=" " ind2=" " tag="043"><subfield code="a">n-us-oh</subfield></datafield><datafield ind1=" " ind2=" " tag="092"><subfield code="a">051</subfield><subfield code="b">F198</subfield></datafield><datafield ind1="0" ind2=" " tag="130"><subfield code="a">Family visitor (Cleveland, Ohio : 1850)</subfield></datafield><datafield ind1="0" ind2="4" tag="245"><subfield code="a">The family visitor.</subfield></datafield><datafield ind1=" " ind2=" " tag="260"><subfield code="a">Cleveland, Ohio :</subfield><subfield code="b">J.P. Kirtland, S. St. John &amp; O.H. Knapp,</subfield><subfield code="c">1850-1853.</subfield></datafield><datafield ind1=" " ind2=" " tag="300"><subfield code="a">v.</subfield></datafield><datafield ind1=" " ind2=" " tag="310"><subfield code="a">Weekly</subfield></datafield><datafield ind1="0" ind2=" " tag="362"><subfield code="a">Vol. 1, no. 1 (Jan. 3, 1850)-v. 3, no. 53 (May 10, 1853).</subfield></datafield><datafield ind1=" " ind2=" " tag="500"><subfield code="a">Beginning with the Apr. 10, 1850 issue, the paper was published simultaneously in Cleveland and Hudson, Ohio.</subfield></datafield><datafield ind1=" " ind2=" " tag="500"><subfield code="a">Editors and proprietors, v.1,no.1-14: J.P. Kirtland, S. St. John and O.H. Knapp; v.1,no.15-v.2,no.52: J.P. Kirtland and S. St. John; Editor v.3, no.1-v.3,no.52: M.C. Read.</subfield></datafield><datafield ind1=" " ind2="0" tag="651"><subfield code="a">Cleveland (Ohio)</subfield><subfield code="v">Newspapers.</subfield></datafield><datafield ind1=" " ind2="0" tag="651"><subfield code="a">Cuyahoga County (Ohio)</subfield><subfield code="v">Newspapers.</subfield></datafield><datafield ind1=" " ind2="0" tag="651"><subfield code="a">Hudson (Ohio)</subfield><subfield code="v">Newspapers.</subfield></datafield><datafield ind1=" " ind2="0" tag="651"><subfield code="a">Summit County (Ohio)</subfield><subfield code="v">Newspapers.</subfield></datafield><datafield ind1=" " ind2="7" tag="655"><subfield code="a">Newspapers.</subfield><subfield code="2">fast</subfield><subfield code="0">(OCoLC)fst01423814</subfield></datafield><datafield ind1=" " ind2="7" tag="651"><subfield code="a">Ohio</subfield><subfield code="z">Cleveland.</subfield><subfield code="2">fast</subfield><subfield code="0">(OCoLC)fst01205966</subfield></datafield><datafield ind1=" " ind2="7" tag="651"><subfield code="a">Ohio</subfield><subfield code="z">Cuyahoga County.</subfield><subfield code="2">fast</subfield><subfield code="0">(OCoLC)fst01202752</subfield></datafield><datafield ind1=" " ind2="7" tag="651"><subfield code="a">Ohio</subfield><subfield code="z">Hudson.</subfield><subfield code="2">fast</subfield><subfield code="0">(OCoLC)fst01231298</subfield></datafield><datafield ind1=" " ind2="7" tag="651"><subfield code="a">Ohio</subfield><subfield code="z">Summit County.</subfield><subfield code="2">fast</subfield><subfield code="0">(OCoLC)fst01206643</subfield></datafield><datafield ind1=" " ind2=" " tag="752"><subfield code="a">United States</subfield><subfield code="b">Ohio</subfield><subfield code="c">Cuyahoga</subfield><subfield code="d">Cleveland.</subfield></datafield><datafield ind1="0" ind2="0" tag="785"><subfield code="t">Independent register and family visitor</subfield><subfield code="w">(DLC)sn 85026084</subfield></datafield><datafield ind1=" " ind2=" " tag="936"><subfield code="a">Jan. 3, 1850-May 4, 1852.</subfield></datafield></record>